<?xml version="1.0" encoding="UTF-8"?><record xmlns="http://www.loc.gov/MARC21/slim" xmlns:cinclude="http://apache.org/cocoon/include/1.0" xmlns:zs="http://www.loc.gov/zing/srw/">
  <leader>00560nz  a2200169n  4500</leader>
  <controlfield tag="001">no2007050578</controlfield>
  <controlfield tag="003">DLC</controlfield>
  <controlfield tag="005">20070509074415.0</controlfield>
  <controlfield tag="008">070507n| acannaabn          |a aaa     c</controlfield>
  <datafield tag="010" ind1=" " ind2=" ">
    <subfield code="a">no2007050578</subfield>
  </datafield>
  <datafield tag="035" ind1=" " ind2=" ">
    <subfield code="a">(OCoLC)oca07403317</subfield>
  </datafield>
  <datafield tag="040" ind1=" " ind2=" ">
    <subfield code="a">MXMxUNAM</subfield>
    <subfield code="b">eng</subfield>
    <subfield code="c">MXMxUNAM</subfield>
  </datafield>
  <datafield tag="100" ind1="1" ind2=" ">
    <subfield code="a">Genoud, Jorge M.</subfield>
    <subfield code="q">(Manuel)</subfield>
  </datafield>
  <datafield tag="400" ind1="1" ind2=" ">
    <subfield code="a">Genoud, Jorge</subfield>
  </datafield>
  <datafield tag="400" ind1="1" ind2=" ">
    <subfield code="a">Genoud, Jorge Manuel</subfield>
  </datafield>
  <datafield tag="670" ind1=" " ind2=" ">
    <subfield code="a">El caballo, 2004:</subfield>
    <subfield code="b">t. p. of .pdf e-book (Jorge M. Genoud)</subfield>
  </datafield>
  <datafield tag="670" ind1=" " ind2=" ">
    <subfield code="a">Curso El caballo WWW site, Mar. 22, 2007:</subfield>
    <subfield code="b">copyright (Jorge Genoud) presentation (Dr. Jorge Manuel Genoud)</subfield>
  </datafield>
</record>